<?xml version="1.0" encoding="UTF-8"?><collection xmlns="http://www.loc.gov/MARC21/slim"><record><leader>00348nam--2200133-i-4500</leader><controlfield tag="001">000023024</controlfield><controlfield tag="002">20161230</controlfield><controlfield tag="005">20161230201034</controlfield><controlfield tag="008">060222s1000------------r-----000-0-eng-d</controlfield><datafield ind1=" " ind2=" " tag="100"><subfield code="a">Gheorgiu, Ion S</subfield></datafield><datafield ind1=" " ind2=" " tag="245"><subfield code="a">Fransua, alexandru s</subfield></datafield><datafield ind1=" " ind2=" " tag="260"><subfield code="a">Tratat De Masini Electrice</subfield></datafield><datafield ind1=" " ind2=" " tag="490"><subfield code="a">Bucuresti, Editura Academiei Rsr, 1971</subfield></datafield><datafield ind1=" " ind2=" " tag="852"><subfield code="a">621.313(021)=59</subfield></datafield></record></collection>